
@BOOK{SML,
	AUTHOR = {Nelson França Guimarães Ferreira},
	TITLE = {Verificação formal de sistemas modelados em estados finitos},
	adress = {São Paulo},
	YEAR = {2005},
}


@BOOK{SML,
	AUTHOR = {Michael Huth and Mark Ryan},
	TITLE = {Logic in computer science: modelling and reasoning about system},
	adress = {England},
	YEAR = {2004},
}

@BOOK{SML,
	AUTHOR = {Glendford Myers},
	TITLE = {The art of software},
	adress = { New Jersey},
	YEAR = {2004},
}

