
@BOOK{huth,
	author = {Michael Huth and Mark Ryan},
	title = {Logic in computer science: modelling and reasoning about system},
	adress = {England},
	year = {2004},
}

@online{img,
	author = {Rodrigo Almeida},
	title = {Custo do Erro – Cinco motivos para investir em automação de testes},
	url = {http://www.attps.com.br/cinco-motivos-para-investir-em-automacao-de-testes-e-reduzir-o-custo-do-erro/},
	urldate = {2016-11-15}
} 

@BOOK{myers,
	author = {Glendford Myers},
	title = {The art of software},
	adress = { New Jersey},
	year = {2004},
}

